@Book{xie2015,
  title = {Dynamic Documents with {R} and knitr},
  author = {Yihui Xie},
  publisher = {Chapman and Hall/CRC},
  address = {Boca Raton, Florida},
  year = {2015},
  edition = {2nd},
  note = {ISBN 978-1498716963},
  url = {http://yihui.name/knitr/},
}

@misc{docker,
  title={What is a Container?},
  howpublished = {\url{https://www.docker.com/resources/what-container}},
  journal={Docker}
  }

@article{em2019,
  title={Pathway enrichment analysis and visualization of omics data using g: Profiler, GSEA, Cytoscape and EnrichmentMap},
  author={Reimand, J{\"u}ri and Isserlin, Ruth and Voisin, Veronique and Kucera, Mike and Tannus-Lopes, Christian and Rostamianfar, Asha and Wadi, Lina and Meyer, Mona and Wong, Jeff and Xu, Changjiang and others},
  journal={Nature protocols},
  volume={14},
  number={2},
  pages={482--517},
  year={2019},
  publisher={Nature Publishing Group UK London}
}

@article{gsea2005,
  title={Gene set enrichment analysis: a knowledge-based approach for interpreting genome-wide expression profiles},
  author={Subramanian, Aravind and Tamayo, Pablo and Mootha, Vamsi K and Mukherjee, Sayan and Ebert, Benjamin L and Gillette, Michael A and Paulovich, Amanda and Pomeroy, Scott L and Golub, Todd R and Lander, Eric S and others},
  journal={Proceedings of the National Academy of Sciences},
  volume={102},
  number={43},
  pages={15545--15550},
  year={2005},
  publisher={National Acad Sciences}
}
